@article{lamport1999specifying,
  title={Specifying concurrent systems with TLA+},
  author={Lamport, Leslie},
  journal={Calculational System Design},
  pages={183--247},
  year={1999}
}

@article{newcombe2015amazon,
  title={How Amazon web services uses formal methods},
  author={Newcombe, Chris and Rath, Tim and Zhang, Fan and Munteanu, Bogdan and Brooker, Marc and Deardeuff, Michael},
  journal={Communications of the ACM},
  volume={58},
  number={4},
  pages={66--73},
  year={2015},
  publisher={ACM New York, NY, USA}
}

@article{lamport2001wildfire,
  title={The wildfire challenge problem},
  author={Lamport, Leslie and Sharma, Madhu and Tuttle, Mark and Yu, Yuan},
  year={2001},
  howpublished = "\url{http://lamport.azurewebsites.net/tla/wildfire-challenge.html}",
}

@book{verhulst2011formal,
  title={Formal Development of a Network-Centric RTOS: software engineering for reliable embedded systems},
  author={Verhulst, Eric and Boute, Raymond T and Faria, Jos{\'e} Miguel Sampaio and Sputh, Bernhard HC and Mezhuyev, Vitaliy},
  year={2011},
  publisher={Springer Science \& Business Media}
}

@misc{githubtla,
  author = {tlaplus},
  title = {{tlaplus Examples}},
  howpublished = "\url{https://github.com/tlaplus/Examples}",
  year = {2016},
  note = "[Online; accessed 13-Oct-2022]"
}

@misc{owasp4,
  author = {OWASP Foundation},
  title = {{A04:2021 - Insecure Design}},
  howpublished = "\url{https://owasp.org/Top10/A04_2021-Insecure_Design/}",
  year = {2021},
  note = "[Online; accessed 13-Oct-2022]"
}

@misc{tlacourse,
  author = {Lamport, Leslie},
  title = {{TLA+ Video Course}},
  howpublished = "\url{https://lamport.azurewebsites.net/video/videos.html}",
  year = {2021},
  note = "[Online; accessed 13-Oct-2022]"
}

@article{fisher2017hacms,
  title={The HACMS program: using formal methods to eliminate exploitable bugs},
  author={Fisher, Kathleen and Launchbury, John and Richards, Raymond},
  journal={Philosophical Transactions of the Royal Society A: Mathematical, Physical and Engineering Sciences},
  volume={375},
  number={2104},
  pages={20150401},
  year={2017},
  publisher={The Royal Society Publishing}
}

